<record><leader>00000cas a22000007a 4500</leader><controlfield tag="001">12698650</controlfield><controlfield tag="008">851021d19641971wvudr ne      0    0eng d</controlfield><datafield ind1=" " ind2=" " tag="010"><subfield code="a">sn 85059583 </subfield></datafield><datafield ind1=" " ind2=" " tag="040"><subfield code="a">WVC</subfield><subfield code="b">eng</subfield><subfield code="c">WVC</subfield><subfield code="d">OCL</subfield><subfield code="d">OCLCQ</subfield></datafield><datafield ind1=" " ind2=" " tag="042"><subfield code="a">msc</subfield></datafield><datafield ind1="0" ind2="4" tag="245"><subfield code="a">The Wellsburg Brooke county daily herald.</subfield></datafield><datafield ind1="3" ind2="0" tag="246"><subfield code="a">Wellsburg daily herald</subfield></datafield><datafield ind1=" " ind2=" " tag="260"><subfield code="a">Wellsburg, W. Va. :</subfield><subfield code="b">Daily Herald Co.,</subfield><subfield code="c">1964-1971.</subfield></datafield><datafield ind1=" " ind2=" " tag="300"><subfield code="a">v.</subfield></datafield><datafield ind1=" " ind2=" " tag="310"><subfield code="a">Daily</subfield></datafield><datafield ind1="0" ind2=" " tag="362"><subfield code="a">Vol. 140, no. 301 (Mar. 20, 1964)-v. 149, no. 93 (June 24, 1971).</subfield></datafield><datafield ind1=" " ind2=" " tag="500"><subfield code="a">No issue published Mar. 31, 1964 due to flood.</subfield></datafield><datafield ind1=" " ind2=" " tag="752"><subfield code="a">United States</subfield><subfield code="b">West Virginia</subfield><subfield code="c">Brooke</subfield><subfield code="d">Wellsburg.</subfield></datafield><datafield ind1="0" ind2="0" tag="780"><subfield code="t">Daily herald (Wellsburg, W. Va.)</subfield><subfield code="w">(DLC)sn 85059582</subfield></datafield><datafield ind1="0" ind2="0" tag="785"><subfield code="t">Wellsburg Brooke County herald</subfield><subfield code="w">(DLC)sn 85059584</subfield></datafield></record>